
@misc{PDG2016review,
	year = {2016},
	howpublished = {Chinese Physics C},
	note = {40, 100001},
	author = {C. Patrignani et al. (Particle Data Group)},
	title = {Review of Particle Physics},
	journal = {Chinese Physics C},
}



@article{PhysRevD.98.030001.2018,
  title = {Review of Particle Physics},
  author = {Tanabashi, M. and Hagiwara, K. and Hikasa, K. and Nakamura, K. and Sumino, Y. and Takahashi, F. and Tanaka, J. and Agashe, K. and Aielli, G. and Amsler, C. and Antonelli, M. and Asner, D. M. and Baer, H. and Banerjee, Sw. and Barnett, R. M. and Basaglia, T. and Bauer, C. W. and Beatty, J. J. and Belousov, V. I. and Beringer, J. and Bethke, S. and Bettini, A. and Bichsel, H. and Biebel, O. and Black, K. M. and Blucher, E. and Buchmuller, O. and Burkert, V. and Bychkov, M. A. and Cahn, R. N. and Carena, M. and Ceccucci, A. and Cerri, A. and Chakraborty, D. and Chen, M.-C. and Chivukula, R. S. and Cowan, G. and Dahl, O. and D'Ambrosio, G. and Damour, T. and de Florian, D. and de Gouv\^ea, A. and DeGrand, T. and de Jong, P. and Dissertori, G. and Dobrescu, B. A. and D'Onofrio, M. and Doser, M. and Drees, M. and Dreiner, H. K. and Dwyer, D. A. and Eerola, P. and Eidelman, S. and Ellis, J. and Erler, J. and Ezhela, V. V. and Fetscher, W. and Fields, B. D. and Firestone, R. and Foster, B. and Freitas, A. and Gallagher, H. and Garren, L. and Gerber, H.-J. and Gerbier, G. and Gershon, T. and Gershtein, Y. and Gherghetta, T. and Godizov, A. A. and Goodman, M. and Grab, C. and Gritsan, A. V. and Grojean, C. and Groom, D. E. and Gr\"unewald, M. and Gurtu, A. and Gutsche, T. and Haber, H. E. and Hanhart, C. and Hashimoto, S. and Hayato, Y. and Hayes, K. G. and Hebecker, A. and Heinemeyer, S. and Heltsley, B. and Hern\'andez-Rey, J. J. and Hisano, J. and H\"ocker, A. and Holder, J. and Holtkamp, A. and Hyodo, T. and Irwin, K. D. and Johnson, K. F. and Kado, M. and Karliner, M. and Katz, U. F. and Klein, S. R. and Klempt, E. and Kowalewski, R. V. and Krauss, F. and Kreps, M. and Krusche, B. and Kuyanov, Yu. V. and Kwon, Y. and Lahav, O. and Laiho, J. and Lesgourgues, J. and Liddle, A. and Ligeti, Z. and Lin, C.-J. and Lippmann, C. and Liss, T. M. and Littenberg, L. and Lugovsky, K. S. and Lugovsky, S. B. and Lusiani, A. and Makida, Y. and Maltoni, F. and Mannel, T. and Manohar, A. V. and Marciano, W. J. and Martin, A. D. and Masoni, A. and Matthews, J. and Mei\ss{}ner, U.-G. and Milstead, D. and Mitchell, R. E. and M\"onig, K. and Molaro, P. and Moortgat, F. and Moskovic, M. and Murayama, H. and Narain, M. and Nason, P. and Navas, S. and Neubert, M. and Nevski, P. and Nir, Y. and Olive, K. A. and Pagan Griso, S. and Parsons, J. and Patrignani, C. and Peacock, J. A. and Pennington, M. and Petcov, S. T. and Petrov, V. A. and Pianori, E. and Piepke, A. and Pomarol, A. and Quadt, A. and Rademacker, J. and Raffelt, G. and Ratcliff, B. N. and Richardson, P. and Ringwald, A. and Roesler, S. and Rolli, S. and Romaniouk, A. and Rosenberg, L. J. and Rosner, J. L. and Rybka, G. and Ryutin, R. A. and Sachrajda, C. T. and Sakai, Y. and Salam, G. P. and Sarkar, S. and Sauli, F. and Schneider, O. and Scholberg, K. and Schwartz, A. J. and Scott, D. and Sharma, V. and Sharpe, S. R. and Shutt, T. and Silari, M. and Sj\"ostrand, T. and Skands, P. and Skwarnicki, T. and Smith, J. G. and Smoot, G. F. and Spanier, S. and Spieler, H. and Spiering, C. and Stahl, A. and Stone, S. L. and Sumiyoshi, T. and Syphers, M. J. and Terashi, K. and Terning, J. and Thoma, U. and Thorne, R. S. and Tiator, L. and Titov, M. and Tkachenko, N. P. and T\"ornqvist, N. A. and Tovey, D. R. and Valencia, G. and Van de Water, R. and Varelas, N. and Venanzoni, G. and Verde, L. and Vincter, M. G. and Vogel, P. and Vogt, A. and Wakely, S. P. and Walkowiak, W. and Walter, C. W. and Wands, D. and Ward, D. R. and Wascko, M. O. and Weiglein, G. and Weinberg, D. H. and Weinberg, E. J. and White, M. and Wiencke, L. R. and Willocq, S. and Wohl, C. G. and Womersley, J. and Woody, C. L. and Workman, R. L. and Yao, W.-M. and Zeller, G. P. and Zenin, O. V. and Zhu, R.-Y. and Zhu, S.-L. and Zimmermann, F. and Zyla, P. A. and Anderson, J. and Fuller, L. and Lugovsky, V. S. and Schaffner, P.},
  collaboration = {Particle Data Group},
  journal = {Phys. Rev. D},
  volume = {98},
  issue = {3},
  pages = {030001},
  numpages = {1898},
  year = {2018},
  month = {Aug},
  publisher = {American Physical Society},
  doi = {10.1103/PhysRevD.98.030001},
  url = {https://link.aps.org/doi/10.1103/PhysRevD.98.030001}
}


@article{ObsNewParticle2012,
   title={Observation of a new particle in the search for the Standard Model Higgs boson with the ATLAS detector at the LHC},
   volume={716},
   ISSN={0370-2693},
   url={http://dx.doi.org/10.1016/j.physletb.2012.08.020},
   DOI={10.1016/j.physletb.2012.08.020},
   number={1},
   journal={Physics Letters B},
   publisher={Elsevier BV},
   author={Aad, G. and Abajyan, T. and Abbott, B. and Abdallah, J. and Abdel Khalek, S. and Abdelalim, A.A. and Abdinov, O. and Aben, R. and Abi, B. and Abolins, M. and et al.},
   year={2012},
   month={Sep},
   pages={1â€“29}
}


@techreport{OpenDataReview,
      title         = "{Review of the 13 TeV ATLAS Open Data release}",
      institution   = "CERN",
      collaboration = "ATLAS Collaboration",
      address       = "Geneva",
      number        = "ATL-OREACH-PUB-2020-001",
      month         = "Jan",
      year          = "2020",
      reportNumber  = "ATL-OREACH-PUB-2020-001",
      url           = "https://cds.cern.ch/record/2707171",
}

@article{MeasureHiggs13TeV,
  title = {Measurements of Higgs boson properties in the diphoton decay channel with $36\text{ }\text{ }{\mathrm{fb}}^{\ensuremath{-}1}$ of $pp$ collision data at $\sqrt{s}=13\text{ }\text{ }\mathrm{TeV}$ with the ATLAS detector},
  author = {Aaboud, M. and Aad, G. and Abbott, B. and Abdinov, O. and Abeloos, B. and Abidi, S. H. and AbouZeid, O. S. and Abraham, N. L. and Abramowicz, H. and Abreu, H. and Abulaiti, Y. and Acharya, B. S. and Adachi, S. and Adamczyk, L. and Adelman, J. and Adersberger, M. and Adye, T. and Affolder, A. A. and Afik, Y. and Agheorghiesei, C. and Aguilar-Saavedra, J. A. and Ahlen, S. P. and Ahmadov, F. and Aielli, G. and Akatsuka, S. and Akerstedt, H. and \AA{}kesson, T. P. A. and Akilli, E. and Akimov, A. V. and Alberghi, G. L. and Albert, J. and Albicocco, P. and Alconada Verzini, M. J. and Alderweireldt, S. C. and Aleksa, M. and Aleksandrov, I. N. and Alexa, C. and Alexander, G. and Alexopoulos, T. and Alhroob, M. and Ali, B. and Aliev, M. and Alimonti, G. and Alison, J. and Alkire, S. P. and Allbrooke, B. M. M. and Allen, B. W. and Allport, P. P. and Aloisio, A. and Alonso, A. and Alonso, F. and Alpigiani, C. and Alshehri, A. A. and Alstaty, M. I. and Alvarez Gonzalez, B. and \'Alvarez Piqueras, D. and Alviggi, M. G. and Amadio, B. T. and Amaral Coutinho, Y. and Amelung, C. and Amidei, D. and Amor Dos Santos, S. P. and Amoroso, S. and Anastopoulos, C. and Ancu, L. S. and Andari, N. and Andeen, T. and Anders, C. F. and Anders, J. K. and Anderson, K. J. and Andreazza, A. and Andrei, V. and Angelidakis, S. and Angelozzi, I. and Angerami, A. and Anisenkov, A. V. and Anjos, N. and Annovi, A. and Antel, C. and Antonelli, M. and Antonov, A. and Antrim, D. J. and Anulli, F. and Aoki, M. and Aperio Bella, L. and Arabidze, G. and Arai, Y. and Araque, J. P. and Araujo Ferraz, V. and Arce, A. T. H. and Ardell, R. E. and Arduh, F. A. and Arguin, J-F. and Argyropoulos, S. and Arik, M. and Armbruster, A. J. and Armitage, L. J. and Arnaez, O. and Arnold, H. and Arratia, M. and Arslan, O. and Artamonov, A. and Artoni, G. and Artz, S. and Asai, S. and Asbah, N. and Ashkenazi, A. and Asquith, L. and Assamagan, K. and Astalos, R. and Atkinson, M. and Atlay, N. B. and Augsten, K. and Avolio, G. and Axen, B. and Ayoub, M. K. and Azuelos, G. and Baas, A. E. and Baca, M. J. and Bachacou, H. and Bachas, K. and Backes, M. and Bagnaia, P. and Bahmani, M. and Bahrasemani, H. and Baines, J. T. and Bajic, M. and Baker, O. K. and Bakker, P. J. and Bakshi Gupta, D. and Baldin, E. M. and Balek, P. and Balli, F. and Balunas, W. K. and Banas, E. and Bandyopadhyay, A. and Banerjee, Sw. and Bannoura, A. A. E. and Barak, L. and Barberio, E. L. and Barberis, D. and Barbero, M. and Barillari, T. and Barisits, M-S and Barkeloo, J. T. and Barklow, T. and Barlow, N. and Barnes, S. L. and Barnett, B. M. and Barnett, R. M. and Barnovska-Blenessy, Z. and Baroncelli, A. and Barone, G. and Barr, A. J. and Barranco Navarro, L. and Barreiro, F. and Barreiro Guimar\~aes da Costa, J. and Bartoldus, R. and Barton, A. E. and Bartos, P. and Basalaev, A. and Bassalat, A. and Bates, R. L. and Batista, S. J. and Batley, J. R. and Battaglia, M. and Bauce, M. and Bauer, F. and Bauer, K. T. and Bawa, H. S. and Beacham, J. B. and Beattie, M. D. and Beau, T. and Beauchemin, P. H. and Bechtle, P. and Beck, H. P. and Beck, H. C. and Becker, K. and Becker, M. and Becot, C. and Beddall, A. J. and Beddall, A. and Bednyakov, V. A. and Bedognetti, M. and Bee, C. P. and Beermann, T. A. and Begalli, M. and Begel, M. and Behr, J. K. and Bell, A. S. and Bella, G. and Bellagamba, L. and Bellerive, A. and Bellomo, M. and Belotskiy, K. and Beltramello, O. and Belyaev, N. L. and Benary, O. and Benchekroun, D. and Bender, M. and Benekos, N. and Benhammou, Y. and Benhar Noccioli, E. and Benitez, J. and Benjamin, D. P. and Benoit, M. and Bensinger, J. R. and Bentvelsen, S. and Beresford, L. and Beretta, M. and Berge, D. and Bergeaas Kuutmann, E. and Berger, N. and Bergsten, L. J. and Beringer, J. and Berlendis, S. and Bernard, N. R. and Bernardi, G. and Bernius, C. and Bernlochner, F. U. and Berry, T. and Berta, P. and Bertella, C. and Bertoli, G. and Bertram, I. A. and Bertsche, C. and Besjes, G. J. and Bessidskaia Bylund, O. and Bessner, M. and Besson, N. and Bethani, A. and Bethke, S. and Betti, A. and Bevan, A. J. and Beyer, J. and Bianchi, R. M. and Biebel, O. and Biedermann, D. and Bielski, R. and Bierwagen, K. and Biesuz, N. V. and Biglietti, M. and Billoud, T. R. V. and Bilokon, H. and Bindi, M. and Bingul, A. and Bini, C. and Biondi, S. and Bisanz, T. and Bittrich, C. and Bjergaard, D. M. and Black, J. E. and Black, K. M. and Blair, R. E. and Blazek, T. and Bloch, I. and Blocker, C. and Blue, A. and Blumenschein, U. and Blunier, Dr. and Bobbink, G. J. and Bobrovnikov, V. S. and Bocchetta, S. S. and Bocci, A. and Bock, C. and Boehler, M. and Boerner, D. and Bogavac, D. and Bogdanchikov, A. G. and Bohm, C. and Boisvert, V. and Bokan, P. and Bold, T. and Boldyrev, A. S. and Bolz, A. E. and Bomben, M. and Bona, M. and Bonilla, J. S. and Boonekamp, M. and Borisov, A. and Borissov, G. and Bortfeldt, J. and Bortoletto, D. and Bortolotto, V. and Boscherini, D. and Bosman, M. and Bossio Sola, J. D. and Boudreau, J. and Bouhova-Thacker, E. V. and Boumediene, D. and Bourdarios, C. and Boutle, S. K. and Boveia, A. and Boyd, J. and Boyko, I. R. and Bozson, A. J. and Bracinik, J. and Brandt, A. and Brandt, G. and Brandt, O. and Braren, F. and Bratzler, U. and Brau, B. and Brau, J. E. and Breaden Madden, W. D. and Brendlinger, K. and Brennan, A. J. and Brenner, L. and Brenner, R. and Bressler, S. and Briglin, D. L. and Bristow, T. M. and Britton, D. and Britzger, D. and Brochu, F. M. and Brock, I. and Brock, R. and Brooijmans, G. and Brooks, T. and Brooks, W. K. and Brost, E. and Broughton, J. H and Bruckman de Renstrom, P. A. and Bruncko, D. and Bruni, A. and Bruni, G. and Bruni, L. S. and Bruno, S. and Brunt, BH and Bruschi, M. and Bruscino, N. and Bryant, P. and Bryngemark, L. and Buanes, T. and Buat, Q. and Buchholz, P. and Buckley, A. G. and Budagov, I. A. and Buehrer, F. and Bugge, M. K. and Bulekov, O. and Bullock, D. and Burch, T. J. and Burdin, S. and Burgard, C. D. and Burger, A. M. and Burghgrave, B. and Burka, K. and Burke, S. and Burmeister, I. and Burr, J. T. P. and B\"uscher, D. and B\"uscher, V. and Buschmann, E. and Bussey, P. and Butler, J. M. and Buttar, C. M. and Butterworth, J. M. and Butti, P. and Buttinger, W. and Buzatu, A. and Buzykaev, A. R. and Cabrera Urb\'an, S. and Caforio, D. and Cai, H. and Cairo, V. M. M. and Cakir, O. and Calace, N. and Calafiura, P. and Calandri, A. and Calderini, G. and Calfayan, P. and Callea, G. and Caloba, L. P. and Calvente Lopez, S. and Calvet, D. and Calvet, S. and Calvet, T. P. and Camacho Toro, R. and Camarda, S. and Camarri, P. and Cameron, D. and Caminal Armadans, R. and Camincher, C. and Campana, S. and Campanelli, M. and Camplani, A. and Campoverde, A. and Canale, V. and Cano Bret, M. and Cantero, J. and Cao, T. and Capeans Garrido, M. D. M. and Caprini, I. and Caprini, M. and Capua, M. and Carbone, R. M. and Cardarelli, R. and Cardillo, F. and Carli, I. and Carli, T. and Carlino, G. and Carlson, B. T. and Carminati, L. and Carney, R. M. D. and Caron, S. and Carquin, E. and Carr\'a, S. and Carrillo-Montoya, G. D. and Casadei, D. and Casado, M. P. and Casha, A. F. and Casolino, M. and Casper, D. W. and Castelijn, R. and Castillo Gimenez, V. and Castro, N. F. and Catinaccio, A. and Catmore, J. R. and Cattai, A. and Caudron, J. and Cavaliere, V. and Cavallaro, E. and Cavalli, D. and Cavalli-Sforza, M. and Cavasinni, V. and Celebi, E. and Ceradini, F. and Cerda Alberich, L. and Cerqueira, A. S. and Cerri, A. and Cerrito, L. and Cerutti, F. and Cervelli, A. and Cetin, S. A. and Chafaq, A. and Chakraborty, D. and Chan, S. K. and Chan, W. S. and Chan, Y. L. and Chang, P. and Chapman, J. D. and Charlton, D. G. and Chau, C. C. and Chavez Barajas, C. A. and Che, S. and Cheatham, S. and Chegwidden, A. and Chekanov, S. and Chekulaev, S. V. and Chelkov, G. A. and Chelstowska, M. A. and Chen, C. and Chen, C. and Chen, H. and Chen, J. and Chen, J. and Chen, S. and Chen, S. and Chen, X. and Chen, Y. and Cheng, H. C. and Cheng, H. J. and Cheplakov, A. and Cheremushkina, E. and Cherkaoui El Moursli, R. and Cheu, E. and Cheung, K. and Chevalier, L. and Chiarella, V. and Chiarelli, G. and Chiodini, G. and Chisholm, A. S. and Chitan, A. and Chiu, Y. H. and Chizhov, M. V. and Choi, K. and Chomont, A. R. and Chouridou, S. and Chow, Y. S. and Christodoulou, V. and Chu, M. C. and Chudoba, J. and Chuinard, A. J. and Chwastowski, J. J. and Chytka, L. and Ciftci, A. K. and Cinca, D. and Cindro, V. and Cioar\ifmmode \u{a}\else \u{a}\fi{}, I. A. and Ciocio, A. and Cirotto, F. and Citron, Z. H. and Citterio, M. and Ciubancan, M. and Clark, A. and Clark, M. R. and Clark, P. J. and Clarke, R. N. and Clement, C. and Coadou, Y. and Cobal, M. and Coccaro, A. and Cochran, J. and Colasurdo, L. and Cole, B. and Colijn, A. P. and Collot, J. and Colombo, T. and Conde Mui\~no, P. and Coniavitis, E. and Connell, S. H. and Connelly, I. A. and Constantinescu, S. and Conti, G. and Conventi, F. and Cooper-Sarkar, A. M. and Cormier, F. and Cormier, K. J. R. and Corradi, M. and Corrigan, E. E. and Corriveau, F. and Cortes-Gonzalez, A. and Costa, M. J. and Costanzo, D. and Cottin, G. and Cowan, G. and Cox, B. E. and Cranmer, K. and Crawley, S. J. and Creager, R. A. and Cree, G. and Cr\'ep\'e-Renaudin, S. and Crescioli, F. and Cribbs, W. A. and Cristinziani, M. and Croft, V. and Crosetti, G. and Cueto, A. and Cuhadar Donszelmann, T. and Cukierman, A. R. and Cummings, J. and Curatolo, M. and C\'uth, J. and Czekierda, S. and Czodrowski, P. and D'amen, G. and D'Auria, S. and D'eramo, L. and D'Onofrio, M. and Da Cunha Sargedas De Sousa, M. J. and Da Via, C. and Dabrowski, W. and Dado, T. and Dahbi, S. and Dai, T. and Dale, O. and Dallaire, F. and Dallapiccola, C. and Dam, M. and Dandoy, J. R. and Daneri, M. F. and Dang, N. P. and Dann, N. S. and Danninger, M. and Dano Hoffmann, M. and Dao, V. and Darbo, G. and Darmora, S. and Dassoulas, J. and Dattagupta, A. and Daubney, T. and Davey, W. and David, C. and Davidek, T. and Davis, D. R. and Davison, P. and Dawe, E. and Dawson, I. and De, K. and de Asmundis, R. and De Benedetti, A. and De Castro, S. and De Cecco, S. and De Groot, N. and de Jong, P. and De la Torre, H. and De Lorenzi, F. and De Maria, A. and De Pedis, D. and De Salvo, A. and De Sanctis, U. and De Santo, A. and De Vasconcelos Corga, K. and De Vivie De Regie, J. B. and Debbe, R. and Debenedetti, C. and Dedovich, D. V. and Dehghanian, N. and Deigaard, I. and Del Gaudio, M. and Del Peso, J. and Delgove, D. and Deliot, F. and Delitzsch, C. M. and Dell'Acqua, A. and Dell'Asta, L. and Della Pietra, M. and della Volpe, D. and Delmastro, M. and Delporte, C. and Delsart, P. A. and DeMarco, D. A. and Demers, S. and Demichev, M. and Demilly, A. and Denisov, S. P. and Denysiuk, D. and Derendarz, D. and Derkaoui, J. E. and Derue, F. and Dervan, P. and Desch, K. and Deterre, C. and Dette, K. and Devesa, M. R. and Deviveiros, P. O. and Dewhurst, A. and Dhaliwal, S. and Di Bello, F. A. and Di Ciaccio, A. and Di Ciaccio, L. and Di Clemente, W. K. and Di Donato, C. and Di Girolamo, A. and Di Girolamo, B. and Di Micco, B. and Di Nardo, R. and Di Petrillo, K. F. and Di Simone, A. and Di Sipio, R. and Di Valentino, D. and Diaconu, C. and Diamond, M. and Dias, F. A. and Diaz, M. A. and Dickinson, J. and Diehl, E. B. and Dietrich, J. and D\'{\i}ez Cornell, S. and Dimitrievska, A. and Dingfelder, J. and Dita, P. and Dita, S. and Dittus, F. and Djama, F. and Djobava, T. and Djuvsland, J. I. and do Vale, M. A. B. and Dobre, M. and Dodsworth, D. and Doglioni, C. and Dolejsi, J. and Dolezal, Z. and Donadelli, M. and Donati, S. and Donini, J. and Dopke, J. and Doria, A. and Dova, M. T. and Doyle, A. T. and Drechsler, E. and Dris, M. and Du, Y. and Duarte-Campderros, J. and Dubinin, F. and Dubreuil, A. and Duchovni, E. and Duckeck, G. and Ducourthial, A. and Ducu, O. A. and Duda, D. and Dudarev, A. and Dudder, A. Chr. and Duffield, E. M. and Duflot, L. and D\"uhrssen, M. and Dulsen, C. and Dumancic, M. and Dumitriu, A. E. and Duncan, A. K. and Dunford, M. and Duperrin, A. and Duran Yildiz, H. and D\"uren, M. and Durglishvili, A. and Duschinger, D. and Dutta, B. and Duvnjak, D. and Dyndal, M. and Dziedzic, B. S. and Eckardt, C. and Ecker, K. M. and Edgar, R. C. and Eifert, T. and Eigen, G. and Einsweiler, K. and Ekelof, T. and El Kacimi, M. and El Kosseifi, R. and Ellajosyula, V. and Ellert, M. and Elles, S. and Ellinghaus, F. and Elliot, A. A. and Ellis, N. and Elmsheuser, J. and Elsing, M. and Emeliyanov, D. and Enari, Y. and Ennis, J. S. and Epland, M. B. and Erdmann, J. and Ereditato, A. and Ernst, M. and Errede, S. and Escalier, M. and Escobar, C. and Esposito, B. and Estrada Pastor, O. and Etienvre, A. I. and Etzion, E. and Evans, H. and Ezhilov, A. and Ezzi, M. and Fabbri, F. and Fabbri, L. and Fabiani, V. and Facini, G. and Fakhrutdinov, R. M. and Falciano, S. and Falla, R. J. and Faltova, J. and Fang, Y. and Fanti, M. and Farbin, A. and Farilla, A. and Farina, E. M. and Farooque, T. and Farrell, S. and Farrington, S. M. and Farthouat, P. and Fassi, F. and Fassnacht, P. and Fassouliotis, D. and Faucci Giannelli, M. and Favareto, A. and Fawcett, W. J. and Fayard, L. and Fedin, O. L. and Fedorko, W. and Feigl, S. and Feligioni, L. and Feng, C. and Feng, E. J. and Feng, M. and Fenton, M. J. and Fenyuk, A. B. and Feremenga, L. and Fernandez Martinez, P. and Ferrando, J. and Ferrari, A. and Ferrari, P. and Ferrari, R. and Ferreira de Lima, D. E. and Ferrer, A. and Ferrere, D. and Ferretti, C. and Fiedler, F. and Filip\ifmmode \check{c}\else \v{c}\fi{}i\ifmmode \check{c}\else \v{c}\fi{}, A. and Filipuzzi, M. and Filthaut, F. and Fincke-Keeler, M. and Finelli, K. D. and Fiolhais, M. C. N. and Fiorini, L. and Fischer, C. and Fischer, J. and Fisher, W. C. and Flaschel, N. and Fleck, I. and Fleischmann, P. and Fletcher, R. R. M. and Flick, T. and Flierl, B. M. and Flores Castillo, L. R. and Fomin, N. and Forcolin, G. T. and Formica, A. and F\"orster, F. A. and Forti, A. and Foster, A. G. and Fournier, D. and Fox, H. and Fracchia, S. and Francavilla, P. and Franchini, M. and Franchino, S. and Francis, D. and Franconi, L. and Franklin, M. and Frate, M. and Fraternali, M. and Freeborn, D. and Fressard-Batraneanu, S. M. and Freund, B. and Freund, W. S. and Froidevaux, D. and Frost, J. A. and Fukunaga, C. and Fusayasu, T. and Fuster, J. and Gabizon, O. and Gabrielli, A. and Gabrielli, A. and Gach, G. P. and Gadatsch, S. and Gadomski, S. and Gagliardi, G. and Gagnon, L. G. and Galea, C. and Galhardo, B. and Gallas, E. J. and Gallop, B. J. and Gallus, P. and Galster, G. and Gan, K. K. and Ganguly, S. and Gao, Y. and Gao, Y. S. and Garay Walls, F. M. and Garc\'{\i}a, C. and Garc\'{\i}a Navarro, J. E. and Garc\'{\i}a Pascual, J. A. and Garcia-Sciveres, M. and Gardner, R. W. and Garelli, N. and Garonne, V. and Gascon Bravo, A. and Gasnikova, K. and Gatti, C. and Gaudiello, A. and Gaudio, G. and Gavrilenko, I. L. and Gay, C. and Gaycken, G. and Gazis, E. N. and Gee, C. N. P. and Geisen, J. and Geisen, M. and Geisler, M. P. and Gellerstedt, K. and Gemme, C. and Genest, M. H. and Geng, C. and Gentile, S. and Gentsos, C. and George, S. and Gerbaudo, D. and Ge\ss{}ner, G. and Ghasemi, S. and Ghneimat, M. and Giacobbe, B. and Giagu, S. and Giangiacomi, N. and Giannetti, P. and Gibson, S. M. and Gignac, M. and Gilchriese, M. and Gillberg, D. and Gilles, G. and Gingrich, D. M. and Giordani, M. P. and Giorgi, F. M. and Giraud, P. F. and Giromini, P. and Giugliarelli, G. and Giugni, D. and Giuli, F. and Giulini, M. and Gjelsten, B. K. and Gkaitatzis, S. and Gkialas, I. and Gkougkousis, E. L. and Gkountoumis, P. and Gladilin, L. K. and Glasman, C. and Glatzer, J. and Glaysher, P. C. F. and Glazov, A. and Goblirsch-Kolb, M. and Godlewski, J. and Goldfarb, S. and Golling, T. and Golubkov, D. and Gomes, A. and Gon\ifmmode \mbox{\c{c}}\else \c{c}\fi{}alo, R. and Goncalves Gama, R. and Goncalves Pinto Firmino Da Costa, J. and Gonella, G. and Gonella, L. and Gongadze, A. and Gonnella, F. and Gonski, J. L. and Gonz\'alez de la Hoz, S. and Gonzalez-Sevilla, S. and Goossens, L. and Gorbounov, P. A. and Gordon, H. A. and Gorini, B. and Gorini, E. and Gori\ifmmode \check{s}\else \v{s}\fi{}ek, A. and Goshaw, A. T. and G\"ossling, C. and Gostkin, M. I. and Gottardo, C. A. and Goudet, C. R. and Goujdami, D. and Goussiou, A. G. and Govender, N. and Goy, C. and Gozani, E. and Grabowska-Bold, I. and Gradin, P. O. J. and Graham, E. C. and Gramling, J. and Gramstad, E. and Grancagnolo, S. and Gratchev, V. and Gravila, P. M. and Gray, C. and Gray, H. M. and Greenwood, Z. D. and Grefe, C. and Gregersen, K. and Gregor, I. M. and Grenier, P. and Grevtsov, K. and Griffiths, J. and Grillo, A. A. and Grimm, K. and Grinstein, S. and Gris, Ph. and Grivaz, J.-F. and Groh, S. and Gross, E. and Grosse-Knetter, J. and Grossi, G. C. and Grout, Z. J. and Grummer, A. and Guan, L. and Guan, W. and Guenther, J. and Guescini, F. and Guest, D. and Gueta, O. and Gui, B. and Guido, E. and Guillemin, T. and Guindon, S. and Gul, U. and Gumpert, C. and Guo, J. and Guo, W. and Guo, Y. and Gupta, R. and Gurbuz, S. and Gustavino, G. and Gutelman, B. J. and Gutierrez, P. and Gutierrez Ortiz, N. G. and Gutschow, C. and Guyot, C. and Guzik, M. P. and Gwenlan, C. and Gwilliam, C. B. and Haas, A. and Haber, C. and Hadavand, H. K. and Haddad, N. and Hadef, A. and Hageb\"ock, S. and Hagihara, M. and Hakobyan, H. and Haleem, M. and Haley, J. and Halladjian, G. and Hallewell, G. D. and Hamacher, K. and Hamal, P. and Hamano, K. and Hamilton, A. and Hamity, G. N. and Hamnett, P. G. and Han, K. and Han, L. and Han, S. and Hanagaki, K. and Hanawa, K. and Hance, M. and Handl, D. M. and Haney, B. and Hanke, P. and Hansen, J. B. and Hansen, J. D. and Hansen, M. C. and Hansen, P. H. and Hara, K. and Hard, A. S. and Harenberg, T. and Hariri, F. and Harkusha, S. and Harrison, P. F. and Hartmann, N. M. and Hasegawa, Y. and Hasib, A. and Hassani, S. and Haug, S. and Hauser, R. and Hauswald, L. and Havener, L. B. and Havranek, M. and Hawkes, C. M. and Hawkings, R. J. and Hayden, D. and Hays, C. P. and Hays, J. M. and Hayward, H. S. and Haywood, S. J. and Heck, T. and Hedberg, V. and Heelan, L. and Heer, S. and Heidegger, K. K. and Heim, S. and Heim, T. and Heinemann, B. and Heinrich, J. J. and Heinrich, L. and Heinz, C. and Hejbal, J. and Helary, L. and Held, A. and Hellman, S. and Helsens, C. and Henderson, R. C. W. and Heng, Y. and Henkelmann, S. and Henriques Correia, A. M. and Henrot-Versille, S. and Herbert, G. H. and Herde, H. and Herget, V. and Hern\'andez Jim\'enez, Y. and Herr, H. and Herten, G. and Hertenberger, R. and Hervas, L. and Herwig, T. C. and Hesketh, G. G. and Hessey, N. P. and Hetherly, J. W. and Higashino, S. and Hig\'on-Rodriguez, E. and Hildebrand, K. and Hill, E. and Hill, J. C. and Hiller, K. H. and Hillier, S. J. and Hils, M. and Hinchliffe, I. and Hirose, M. and Hirschbuehl, D. and Hiti, B. and Hladik, O. and Hlaluku, D. R. and Hoad, X. and Hobbs, J. and Hod, N. and Hodgkinson, M. C. and Hodgson, P. and Hoecker, A. and Hoeferkamp, M. R. and Hoenig, F. and Hohn, D. and Holmes, T. R. and Holzbock, M. and Homann, M. and Honda, S. and Honda, T. and Hong, T. M. and Hooberman, B. H. and Hopkins, W. H. and Horii, Y. and Horton, A. J. and Hostachy, J-Y. and Hostiuc, A. and Hou, S. and Hoummada, A. and Howarth, J. and Hoya, J. and Hrabovsky, M. and Hrdinka, J. and Hristova, I. and Hrivnac, J. and Hryn'ova, T. and Hrynevich, A. and Hsu, P. J. and Hsu, S.-C. and Hu, Q. and Hu, S. and Huang, Y. and Hubacek, Z. and Hubaut, F. and Huegging, F. and Huffman, T. B. and Hughes, E. W. and Huhtinen, M. and Hunter, R. F. H. and Huo, P. and Huseynov, N. and Huston, J. and Huth, J. and Hyneman, R. and Iacobucci, G. and Iakovidis, G. and Ibragimov, I. and Iconomidou-Fayard, L. and Idrissi, Z. and Iengo, P. and Igonkina, O. and Iizawa, T. and Ikegami, Y. and Ikeno, M. and Ilchenko, Y. and Iliadis, D. and Ilic, N. and Iltzsche, F. and Introzzi, G. and Ioannou, P. and Iodice, M. and Iordanidou, K. and Ippolito, V. and Isacson, M. F. and Ishijima, N. and Ishino, M. and Ishitsuka, M. and Issever, C. and Istin, S. and Ito, F. and Iturbe Ponce, J. M. and Iuppa, R. and Iwasaki, H. and Izen, J. M. and Izzo, V. and Jabbar, S. and Jackson, P. and Jacobs, R. M. and Jain, V. and Jakel, G. and Jakobi, K. B. and Jakobs, K. and Jakobsen, S. and Jakoubek, T. and Jamin, D. O. and Jana, D. K. and Jansky, R. and Janssen, J. and Janus, M. and Janus, P. A. and Jarlskog, G. and Javadov, N. and Jav\ifmmode \mathring{u}\else \r{u}\fi{}rek, T. and Javurkova, M. and Jeanneau, F. and Jeanty, L. and Jejelava, J. and Jelinskas, A. and Jenni, P. and Jeske, C. and J\'ez\'equel, S. and Ji, H. and Jia, J. and Jiang, H. and Jiang, Y. and Jiang, Z. and Jiggins, S. and Jimenez Pena, J. and Jin, S. and Jinaru, A. and Jinnouchi, O. and Jivan, H. and Johansson, P. and Johns, K. A. and Johnson, C. A. and Johnson, W. J. and Jon-And, K. and Jones, R. W. L. and Jones, S. D. and Jones, S. and Jones, T. J. and Jongmanns, J. and Jorge, P. M. and Jovicevic, J. and Ju, X. and Juste Rozas, A. and Kaczmarska, A. and Kado, M. and Kagan, H. and Kagan, M. and Kahn, S. J. and Kaji, T. and Kajomovitz, E. and Kalderon, C. W. and Kaluza, A. and Kama, S. and Kamenshchikov, A. and Kanaya, N. and Kanjir, L. and Kano, Y. and Kantserov, V. A. and Kanzaki, J. and Kaplan, B. and Kaplan, L. S. and Kar, D. and Karakostas, K. and Karastathis, N. and Kareem, M. J. and Karentzos, E. and Karpov, S. N. and Karpova, Z. M. and Kartvelishvili, V. and Karyukhin, A. N. and Kasahara, K. and Kashif, L. and Kass, R. D. and Kastanas, A. and Kataoka, Y. and Kato, C. and Katre, A. and Katzy, J. and Kawade, K. and Kawagoe, K. and Kawamoto, T. and Kawamura, G. and Kay, E. F. and Kazanin, V. F. and Keeler, R. and Kehoe, R. and Keller, J. S. and Kellermann, E. and Kempster, J. J. and Kendrick, J and Keoshkerian, H. and Kepka, O. and Ker\ifmmode \check{s}\else \v{s}\fi{}evan, B. P. and Kersten, S. and Keyes, R. A. and Khader, M. and Khalil-zada, F. and Khanov, A. and Kharlamov, A. G. and Kharlamova, T. and Khodinov, A. and Khoo, T. J. and Khovanskiy, V. and Khramov, E. and Khubua, J. and Kido, S. and Kiehn, M. and Kilby, C. R. and Kim, H. Y. and Kim, S. H. and Kim, Y. K. and Kimura, N. and Kind, O. M. and King, B. T. and Kirchmeier, D. and Kirk, J. and Kiryunin, A. E. and Kishimoto, T. and Kisielewska, D. and Kitali, V. and Kivernyk, O. and Kladiva, E. and Klapdor-Kleingrothaus, T. and Klein, M. H. and Klein, M. and Klein, U. and Kleinknecht, K. and Klimek, P. and Klimentov, A. and Klingenberg, R. and Klingl, T. and Klioutchnikova, T. and Klitzner, F. F. and Kluge, E.-E. and Kluit, P. and Kluth, S. and Kneringer, E. and Knoops, E. B. F. G. and Knue, A. and Kobayashi, A. and Kobayashi, D. and Kobayashi, T. and Kobel, M. and Kocian, M. and Kodys, P. and Koffas, T. and Koffeman, E. and K\"ohler, N. M. and Koi, T. and Kolb, M. and Koletsou, I. and Kondo, T. and Kondrashova, N. and K\"oneke, K. and K\"onig, A. C. and Kono, T. and Konoplich, R. and Konstantinidis, N. and Konya, B. and Kopeliansky, R. and Koperny, S. and Korcyl, K. and Kordas, K. and Korn, A. and Korolkov, I. and Korolkova, E. V. and Kortner, O. and Kortner, S. and Kosek, T. and Kostyukhin, V. V. and Kotwal, A. and Koulouris, A. and Kourkoumeli-Charalampidi, A. and Kourkoumelis, C. and Kourlitis, E. and Kouskoura, V. and Kowalewska, A. B. and Kowalewski, R. and Kowalski, T. Z. and Kozakai, C. and Kozanecki, W. and Kozhin, A. S. and Kramarenko, V. A. and Kramberger, G. and Krasnopevtsev, D. and Krasny, M. W. and Krasznahorkay, A. and Krauss, D. and Kremer, J. A. and Kretzschmar, J. and Kreutzfeldt, K. and Krieger, P. and Krizka, K. and Kroeninger, K. and Kroha, H. and Kroll, J. and Kroll, J. and Kroseberg, J. and Krstic, J. and Kruchonak, U. and Kr\"uger, H. and Krumnack, N. and Kruse, M. C. and Kubota, T. and Kucuk, H. and Kuday, S. and Kuechler, J. T. and Kuehn, S. and Kugel, A. and Kuger, F. and Kuhl, T. and Kukhtin, V. and Kukla, R. and Kulchitsky, Y. and Kuleshov, S. and Kulinich, Y. P. and Kuna, M. and Kunigo, T. and Kupco, A. and Kupfer, T. and Kuprash, O. and Kurashige, H. and Kurchaninov, L. L. and Kurochkin, Y. A. and Kurth, M. G. and Kuwertz, E. S. and Kuze, M. and Kvita, J. and Kwan, T. and La Rosa, A. and La Rosa Navarro, J. L. and La Rotonda, L. and La Ruffa, F. and Lacasta, C. and Lacava, F. and Lacey, J. and Lack, D. P. J. and Lacker, H. and Lacour, D. and Ladygin, E. and Lafaye, R. and Laforge, B. and Lai, S. and Lammers, S. and Lampl, W. and Lan\ifmmode \mbox{\c{c}}\else \c{c}\fi{}on, E. and Landgraf, U. and Landon, M. P. J. and Lanfermann, M. C. and Lang, V. S. and Lange, J. C. and Langenberg, R. J. and Lankford, A. J. and Lanni, F. and Lantzsch, K. and Lanza, A. and Lapertosa, A. and Laplace, S. and Laporte, J. F. and Lari, T. and Lasagni Manghi, F. and Lassnig, M. and Lau, T. S. and Laurelli, P. and Lavrijsen, W. and Law, A. T. and Laycock, P. and Lazovich, T. and Lazzaroni, M. and Le, B. and Le Dortz, O. and Le Guirriec, E. and Le Quilleuc, E. P. and LeBlanc, M. and LeCompte, T. and Ledroit-Guillon, F. and Lee, C. A. and Lee, G. R. and Lee, S. C. and Lee, L. and Lefebvre, B. and Lefebvre, G. and Lefebvre, M. and Legger, F. and Leggett, C. and Lehmann Miotto, G. and Lei, X. and Leight, W. A. and Leite, M. A. L. and Leitner, R. and Lellouch, D. and Lemmer, B. and Leney, K. J. C. and Lenz, T. and Lenzi, B. and Leone, R. and Leone, S. and Leonidopoulos, C. and Lerner, G. and Leroy, C. and Les, R. and Lesage, A. A. J. and Lester, C. G. and Levchenko, M. and Lev\^eque, J. and Levin, D. and Levinson, L. J. and Levy, M. and Lewis, D. and Li, B. and Li, Changqiao and Li, H. and Li, L. and Li, Q. and Li, Q. and Li, S. and Li, X. and Li, Y. and Liang, Z. and Liberti, B. and Liblong, A. and Lie, K. and Limosani, A. and Lin, C. Y. and Lin, K. and Lin, S. C. and Lin, T. H. and Linck, R. A. and Lindquist, B. E. and Lionti, A. E. and Lipeles, E. and Lipniacka, A. and Lisovyi, M. and Liss, T. M. and Lister, A. and Litke, A. M. and Liu, B. and Liu, H. and Liu, H. and Liu, J. K. K. and Liu, J. and Liu, J. B. and Liu, K. and Liu, L. and Liu, M. and Liu, Y. L. and Liu, Y. and Livan, M. and Lleres, A. and Llorente Merino, J. and Lloyd, S. L. and Lo, C. Y. and Lo Sterzo, F. and Lobodzinska, E. M. and Loch, P. and Loebinger, F. K. and Loesle, A. and Loew, K. M. and Lohse, T. and Lohwasser, K. and Lokajicek, M. and Long, B. A. and Long, J. D. and Long, R. E. and Longo, L. and Looper, K. A. and Lopez, J. A. and Lopez Paz, I. and Lopez Solis, A. and Lorenz, J. and Lorenzo Martinez, N. and Losada, M. and L\"osel, P. J. and Lou, X. and Lounis, A. and Love, J. and Love, P. A. and Lu, H. and Lu, N. and Lu, Y. J. and Lubatti, H. J. and Luci, C. and Lucotte, A. and Luedtke, C. and Luehring, F. and Lukas, W. and Luminari, L. and Lund-Jensen, B. and Lutz, M. S. and Luzi, P. M. and Lynn, D. and Lysak, R. and Lytken, E. and Lyu, F. and Lyubushkin, V. and Ma, H. and Ma, L. L. and Ma, Y. and Maccarrone, G. and Macchiolo, A. and Macdonald, C. M. and Ma\ifmmode \check{c}\else \v{c}\fi{}ek, B. and Machado Miguens, J. and Madaffari, D. and Madar, R. and Mader, W. F. and Madsen, A. and Madysa, N. and Maeda, J. and Maeland, S. and Maeno, T. and Maevskiy, A. S. and Magerl, V. and Maiani, C. and Maidantchik, C. and Maier, T. and Maio, A. and Majersky, O. and Majewski, S. and Makida, Y. and Makovec, N. and Malaescu, B. and Malecki, Pa. and Maleev, V. P. and Malek, F. and Mallik, U. and Malon, D. and Malone, C. and Maltezos, S. and Malyukov, S. and Mamuzic, J. and Mancini, G. and Mandi\ifmmode \acute{c}\else \'{c}\fi{}, I. and Maneira, J. and Manhaes de Andrade Filho, L. and Manjarres Ramos, J. and Mankinen, K. H. and Mann, A. and Manousos, A. and Mansoulie, B. and Mansour, J. D. and Mantifel, R. and Mantoani, M. and Manzoni, S. and Mapelli, L. and Marceca, G. and March, L. and Marchese, L. and Marchiori, G. and Marcisovsky, M. and Marin Tobon, C. A. and Marjanovic, M. and Marley, D. E. and Marroquim, F. and Marsden, S. P. and Marshall, Z. and Martensson, M. U. F and Marti-Garcia, S. and Martin, C. B. and Martin, T. A. and Martin, V. J. and Martin dit Latour, B. and Martinez, M. and Martinez Outschoorn, V. I. and Martin-Haugh, S. and Martoiu, V. S. and Martyniuk, A. C. and Marzin, A. and Masetti, L. and Mashimo, T. and Mashinistov, R. and Masik, J. and Maslennikov, A. L. and Mason, L. H. and Massa, L. and Mastrandrea, P. and Mastroberardino, A. and Masubuchi, T. and M\"attig, P. and Maurer, J. and Maxfield, S. J. and Maximov, D. A. and Mazini, R. and Maznas, I. and Mazza, S. M. and Mc Fadden, N. C. and Mc Goldrick, G. and Mc Kee, S. P. and McCarn, A. and McCarthy, R. L. and McCarthy, T. G. and McClymont, L. I. and McDonald, E. F. and Mcfayden, J. A. and Mchedlidze, G. and McMahon, S. J. and McNamara, P. C. and McNicol, C. J. and McPherson, R. A. and Meadows, Z. A. and Meehan, S. and Megy, T. J. and Mehlhase, S. and Mehta, A. and Meideck, T. and Meier, K. and Meirose, B. and Melini, D. and Mellado Garcia, B. R. and Mellenthin, J. D. and Melo, M. and Meloni, F. and Melzer, A. and Menary, S. B. and Meng, L. and Meng, X. T. and Mengarelli, A. and Menke, S. and Meoni, E. and Mergelmeyer, S. and Merlassino, C. and Mermod, P. and Merola, L. and Meroni, C. and Merritt, F. S. and Messina, A. and Metcalfe, J. and Mete, A. S. and Meyer, C. and Meyer, J-P. and Meyer, J. and Meyer Zu Theenhausen, H. and Miano, F. and Middleton, R. P. and Miglioranzi, S. and Mijovi\ifmmode \acute{c}\else \'{c}\fi{}, L. and Mikenberg, G. and Mikestikova, M. and Miku\ifmmode \check{z}\else \v{z}\fi{}, M. and Milesi, M. and Milic, A. and Millar, D. A. and Miller, D. W. and Milov, A. and Milstead, D. A. and Minaenko, A. A. and Minami, Y. and Minashvili, I. A. and Mincer, A. I. and Mindur, B. and Mineev, M. and Minegishi, Y. and Ming, Y. and Mir, L. M. and Mirto, A. and Mistry, K. P. and Mitani, T. and Mitrevski, J. and Mitsou, V. A. and Miucci, A. and Miyagawa, P. S. and Mizukami, A. and Mj\"ornmark, J. U. and Mkrtchyan, T. and Mlynarikova, M. and Moa, T. and Mochizuki, K. and Mogg, P. and Mohapatra, S. and Molander, S. and Moles-Valls, R. and Mondragon, M. C. and M\"onig, K. and Monk, J. and Monnier, E. and Montalbano, A. and Montejo Berlingen, J. and Monticelli, F. and Monzani, S. and Moore, R. W. and Morange, N. and Moreno, D. and Moreno Ll\'acer, M. and Morettini, P. and Morgenstern, M. and Morgenstern, S. and Mori, D. and Mori, T. and Morii, M. and Morinaga, M. and Morisbak, V. and Morley, A. K. and Mornacchi, G. and Morris, J. D. and Morvaj, L. and Moschovakos, P. and Mosidze, M. and Moss, H. J. and Moss, J. and Motohashi, K. and Mount, R. and Mountricha, E. and Moyse, E. J. W. and Muanza, S. and Mueller, F. and Mueller, J. and Mueller, R. S. P. and Muenstermann, D. and Mullen, P. and Mullier, G. A. and Munoz Sanchez, F. J. and Murray, W. J. and Musheghyan, H. and Mu\ifmmode \check{s}\else \v{s}\fi{}kinja, M. and Mwewa, C. and Myagkov, A. G. and Myers, J. and Myska, M. and Nachman, B. P. and Nackenhorst, O. and Nagai, K. and Nagai, R. and Nagano, K. and Nagasaka, Y. and Nagata, K. and Nagel, M. and Nagy, E. and Nairz, A. M. and Nakahama, Y. and Nakamura, K. and Nakamura, T. and Nakano, I. and Naranjo Garcia, R. F. and Narayan, R. and Narrias Villar, D. I. and Naryshkin, I. and Naumann, T. and Navarro, G. and Nayyar, R. and Neal, H. A. and Nechaeva, P. Yu. and Neep, T. J. and Negri, A. and Negrini, M. and Nektarijevic, S. and Nellist, C. and Nelson, A. and Nelson, M. E. and Nemecek, S. and Nemethy, P. and Nessi, M. and Neubauer, M. S. and Neumann, M. and Newman, P. R. and Ng, T. Y. and Ng, Y. S. and Nguyen Manh, T. and Nickerson, R. B. and Nicolaidou, R. and Nielsen, J. and Nikiforou, N. and Nikolaenko, V. and Nikolic-Audit, I. and Nikolopoulos, K. and Nilsson, P. and Ninomiya, Y. and Nisati, A. and Nishu, N. and Nisius, R. and Nitsche, I. and Nitta, T. and Nobe, T. and Noguchi, Y. and Nomachi, M. and Nomidis, I. and Nomura, M. A. and Nooney, T. and Nordberg, M. and Norjoharuddeen, N. and Novgorodova, O. and Novotny, R. and Nozaki, M. and Nozka, L. and Ntekas, K. and Nurse, E. and Nuti, F. and O'connor, K. and O'Neil, D. C. and O'Rourke, A. A. and O'Shea, V. and Oakham, F. G. and Oberlack, H. and Obermann, T. and Ocariz, J. and Ochi, A. and Ochoa, I. and Ochoa-Ricoux, J. P. and Oda, S. and Odaka, S. and Oh, A. and Oh, S. H. and Ohm, C. C. and Ohman, H. and Oide, H. and Okawa, H. and Okumura, Y. and Okuyama, T. and Olariu, A. and Oleiro Seabra, L. F. and Olivares Pino, S. A. and Oliveira Damazio, D. and Oliver, J. L. and Olsson, M. J. R. and Olszewski, A. and Olszowska, J. and Onofre, A. and Onogi, K. and Onyisi, P. U. E. and Oppen, H. and Oreglia, M. J. and Oren, Y. and Orestano, D. and Orgill, E. C. and Orlando, N. and Orr, R. S. and Osculati, B. and Ospanov, R. and Otero y Garzon, G. and Otono, H. and Ouchrif, M. and Ould-Saada, F. and Ouraou, A. and Oussoren, K. P. and Ouyang, Q. and Owen, M. and Owen, R. E. and Ozcan, V. E. and Ozturk, N. and Pachal, K. and Pacheco Pages, A. and Pacheco Rodriguez, L. and Padilla Aranda, C. and Pagan Griso, S. and Paganini, M. and Paige, F. and Palacino, G. and Palazzo, S. and Palestini, S. and Palka, M. and Pallin, D. and Panagiotopoulou, E. St. and Panagoulias, I. and Pandini, C. E. and Panduro Vazquez, J. G. and Pani, P. and Panitkin, S. and Pantea, D. and Paolozzi, L. and Papadopoulou, Th. D. and Papageorgiou, K. and Paramonov, A. and Paredes Hernandez, D. and Park, T. H. and Parker, A. J. and Parker, M. A. and Parker, K. A. and Parodi, F. and Parsons, J. A. and Parzefall, U. and Pascuzzi, V. R. and Pasner, J. M. and Pasqualucci, E. and Passaggio, S. and Pastore, Fr. and Pataraia, S. and Pater, J. R. and Pauly, T. and Pearson, B. and Pedraza Lopez, S. and Pedro, R. and Peleganchuk, S. V. and Penc, O. and Peng, C. and Peng, H. and Penwell, J. and Peralva, B. S. and Perego, M. M. and Perepelitsa, D. V. and Peri, F. and Perini, L. and Pernegger, H. and Perrella, S. and Peschke, R. and Peshekhonov, V. D. and Peters, K. and Peters, R. F. Y. and Petersen, B. A. and Petersen, T. C. and Petit, E. and Petridis, A. and Petridou, C. and Petroff, P. and Petrolo, E. and Petrov, M. and Petrucci, F. and Pettersson, N. E. and Peyaud, A. and Pezoa, R. and Pham, T. and Phillips, F. H. and Phillips, P. W. and Piacquadio, G. and Pianori, E. and Picazio, A. and Pickering, M. A. and Piegaia, R. and Pilcher, J. E. and Pilkington, A. D. and Pinamonti, M. and Pinfold, J. L. and Pirumov, H. and Pitt, M. and Plazak, L. and Pleier, M.-A. and Pleskot, V. and Plotnikova, E. and Pluth, D. and Podberezko, P. and Poettgen, R. and Poggi, R. and Poggioli, L. and Pogrebnyak, I. and Pohl, D. and Pokharel, I. and Polesello, G. and Poley, A. and Policicchio, A. and Polifka, R. and Polini, A. and Pollard, C. S. and Polychronakos, V. and Pomm\`es, K. and Ponomarenko, D. and Pontecorvo, L. and Popeneciu, G. A. and Portillo Quintero, D. M. and Pospisil, S. and Potamianos, K. and Potrap, I. N. and Potter, C. J. and Potti, H. and Poulsen, T. and Poveda, J. and Pozo Astigarraga, M. E. and Pralavorio, P. and Pranko, A. and Prell, S. and Price, D. and Primavera, M. and Prince, S. and Proklova, N. and Prokofiev, K. and Prokoshin, F. and Protopopescu, S. and Proudfoot, J. and Przybycien, M. and Puri, A. and Puzo, P. and Qian, J. and Qin, Y. and Quadt, A. and Queitsch-Maitland, M. and Quilty, D. and Raddum, S. and Radeka, V. and Radescu, V. and Radhakrishnan, S. K. and Radloff, P. and Rados, P. and Ragusa, F. and Rahal, G. and Raine, J. A. and Rajagopalan, S. and Rashid, T. and Raspopov, S. and Ratti, M. G. and Rauch, D. M. and Rauscher, F. and Rave, S. and Ravinovich, I. and Rawling, J. H. and Raymond, M. and Read, A. L. and Readioff, N. P. and Reale, M. and Rebuzzi, D. M. and Redelbach, A. and Redlinger, G. and Reece, R. and Reed, R. G. and Reeves, K. and Rehnisch, L. and Reichert, J. and Reiss, A. and Rembser, C. and Ren, H. and Rescigno, M. and Resconi, S. and Resseguie, E. D. and Rettie, S. and Reynolds, E. and Rezanova, O. L. and Reznicek, P. and Rezvani, R. and Richter, R. and Richter, S. and Richter-Was, E. and Ricken, O. and Ridel, M. and Rieck, P. and Riegel, C. J. and Rieger, J. and Rifki, O. and Rijssenbeek, M. and Rimoldi, A. and Rimoldi, M. and Rinaldi, L. and Ripellino, G. and Risti\ifmmode \acute{c}\else \'{c}\fi{}, B. and Ritsch, E. and Riu, I. and Rizatdinova, F. and Rizvi, E. and Rizzi, C. and Roberts, R. T. and Robertson, S. H. and Robichaud-Veronneau, A. and Robinson, D. and Robinson, J. E. M. and Robson, A. and Rocco, E. and Roda, C. and Rodina, Y. and Rodriguez Bosca, S. and Rodriguez Perez, A. and Rodriguez Rodriguez, D. and Rodr\'{\i}guez Vera, A. M. and Roe, S. and Rogan, C. S. and R\o{}hne, O. and Roloff, J. and Romaniouk, A. and Romano, M. and Romano Saez, S. M. and Romero Adam, E. and Rompotis, N. and Ronzani, M. and Roos, L. and Rosati, S. and Rosbach, K. and Rose, P. and Rosien, N.-A. and Rossi, E. and Rossi, L. P. and Rosten, J. H. N. and Rosten, R. and Rotaru, M. and Rothberg, J. and Rousseau, D. and Roy, D. and Rozanov, A. and Rozen, Y. and Ruan, X. and Rubbo, F. and R\"uhr, F. and Ruiz-Martinez, A. and Rurikova, Z. and Rusakovich, N. A. and Russell, H. L. and Rutherfoord, J. P. and Ruthmann, N. and R\"uttinger, E. M. and Ryabov, Y. F. and Rybar, M. and Rybkin, G. and Ryu, S. and Ryzhov, A. and Rzehorz, G. F. and Saavedra, A. F. and Sabato, G. and Sacerdoti, S. and Sadrozinski, H. F-W. and Sadykov, R. and Safai Tehrani, F. and Saha, P. and Sahinsoy, M. and Saimpert, M. and Saito, M. and Saito, T. and Sakamoto, H. and Sakurai, Y. and Salamanna, G. and Salazar Loyola, J. E. and Salek, D. and Sales De Bruin, P. H. and Salihagic, D. and Salnikov, A. and Salt, J. and Salvatore, D. and Salvatore, F. and Salvucci, A. and Salzburger, A. and Sammel, D. and Sampsonidis, D. and Sampsonidou, D. and S\'anchez, J. and Sanchez Pineda, A. and Sandaker, H. and Sandbach, R. L. and Sander, C. O. and Sandhoff, M. and Sandoval, C. and Sankey, D. P. C. and Sannino, M. and Sano, Y. and Sansoni, A. and Santoni, C. and Santos, H. and Santoyo Castillo, I. and Sapronov, A. and Saraiva, J. G. and Sasaki, O. and Sato, K. and Sauvan, E. and Savage, G. and Savard, P. and Savic, N. and Sawyer, C. and Sawyer, L. and Sbarra, C. and Sbrizzi, A. and Scanlon, T. and Scannicchio, D. A. and Schaarschmidt, J. and Schacht, P. and Schachtner, B. M. and Schaefer, D. and Schaefer, L. and Schaeffer, J. and Schaepe, S. and Sch\"afer, U. and Schaffer, A. C. and Schaile, D. and Schamberger, R. D. and Schegelsky, V. A. and Scheirich, D. and Schenck, F. and Schernau, M. and Schiavi, C. and Schier, S. and Schildgen, L. K. and Schillo, C. and Schioppa, E. J. and Schioppa, M. and Schlenker, S. and Schmidt-Sommerfeld, K. R. and Schmieden, K. and Schmitt, C. and Schmitt, S. and Schmitz, S. and Schnoor, U. and Schoeffel, L. and Schoening, A. and Schoenrock, B. D. and Schopf, E. and Schott, M. and Schouwenberg, J. F. P. and Schovancova, J. and Schramm, S. and Schuh, N. and Schulte, A. and Schultens, M. J. and Schultz-Coulon, H.-C. and Schumacher, M. and Schumm, B. A. and Schune, Ph. and Schwartzman, A. and Schwarz, T. A. and Schweiger, H. and Schwemling, Ph. and Schwienhorst, R. and Schwindling, J. and Sciandra, A. and Sciolla, G. and Scornajenghi, M. and Scuri, F. and Scutti, F. and Searcy, J. and Seema, P. and Seidel, S. C. and Seiden, A. and Seixas, J. M. and Sekhniaidze, G. and Sekhon, K. and Sekula, S. J. and Semprini-Cesari, N. and Senkin, S. and Serfon, C. and Serin, L. and Serkin, L. and Sessa, M. and Seuster, R. and Severini, H. and \ifmmode \check{S}\else \v{S}\fi{}filigoj, T. and Sforza, F. and Sfyrla, A. and Shabalina, E. and Shaikh, N. W. and Shan, L. Y. and Shang, R. and Shank, J. T. and Shapiro, M. and Shatalov, P. B. and Shaw, K. and Shaw, S. M. and Shcherbakova, A. and Shehu, C. Y. and Shen, Y. and Sherafati, N. and Sherman, A. D. and Sherwood, P. and Shi, L. and Shimizu, S. and Shimmin, C. O. and Shimojima, M. and Shipsey, I. P. J. and Shirabe, S. and Shiyakova, M. and Shlomi, J. and Shmeleva, A. and Shoaleh Saadi, D. and Shochet, M. J. and Shojaii, S. and Shope, D. R. and Shrestha, S. and Shulga, E. and Shupe, M. A. and Sicho, P. and Sickles, A. M. and Sidebo, P. E. and Sideras Haddad, E. and Sidiropoulou, O. and Sidoti, A. and Siegert, F. and Sijacki, Dj. and Silva, J. and Silva, M. and Silverstein, S. B. and Simak, V. and Simic, L. and Simion, S. and Simioni, E. and Simmons, B. and Simon, M. and Sinervo, P. and Sinev, N. B. and Sioli, M. and Siragusa, G. and Siral, I. and Sivoklokov, S. Yu. and Sj\"olin, J. and Skinner, M. B. and Skubic, P. and Slater, M. and Slavicek, T. and Slawinska, M. and Sliwa, K. and Slovak, R. and Smakhtin, V. and Smart, B. H. and Smiesko, J. and Smirnov, N. and Smirnov, S. Yu. and Smirnov, Y. and Smirnova, L. N. and Smirnova, O. and Smith, J. W. and Smith, M. N. K. and Smith, R. W. and Smizanska, M. and Smolek, K. and Snesarev, A. A. and Snyder, I. M. and Snyder, S. and Sobie, R. and Socher, F. and Soffa, A. M. and Soffer, A. and S\o{}gaard, A. and Soh, D. A. and Sokhrannyi, G. and Solans Sanchez, C. A. and Solar, M. and Soldatov, E. Yu. and Soldevila, U. and Solodkov, A. A. and Soloshenko, A. and Solovyanov, O. V. and Solovyev, V. and Sommer, P. and Son, H. and Song, W. and Sopczak, A. and Sosa, D. and Sotiropoulou, C. L. and Sottocornola, S. and Soualah, R. and Soukharev, A. M. and South, D. and Sowden, B. C. and Spagnolo, S. and Spalla, M. and Spangenberg, M. and Span\`o, F. and Sperlich, D. and Spettel, F. and Spieker, T. M. and Spighi, R. and Spigo, G. and Spiller, L. A. and Spousta, M. and St. Denis, R. D. and Stabile, A. and Stamen, R. and Stamm, S. and Stanecka, E. and Stanek, R. W. and Stanescu, C. and Stanitzki, M. M. and Stapf, B. S. and Stapnes, S. and Starchenko, E. A. and Stark, G. H. and Stark, J. and Stark, S. H and Staroba, P. and Starovoitov, P. and St\"arz, S. and Staszewski, R. and Stegler, M. and Steinberg, P. and Stelzer, B. and Stelzer, H. J. and Stelzer-Chilton, O. and Stenzel, H. and Stevenson, T. J. and Stewart, G. A. and Stockton, M. C. and Stoebe, M. and Stoicea, G. and Stolte, P. and Stonjek, S. and Stradling, A. R. and Straessner, A. and Stramaglia, M. E. and Strandberg, J. and Strandberg, S. and Strauss, M. and Strizenec, P. and Str\"ohmer, R. and Strom, D. M. and Stroynowski, R. and Strubig, A. and Stucci, S. A. and Stugu, B. and Styles, N. A. and Su, D. and Su, J. and Suchek, S. and Sugaya, Y. and Suk, M. and Sulin, V. V. and Sultan, DMS and Sultansoy, S. and Sumida, T. and Sun, S. and Sun, X. and Suruliz, K. and Suster, C. J. E. and Sutton, M. R. and Suzuki, S. and Svatos, M. and Swiatlowski, M. and Swift, S. P. and Sydorenko, A. and Sykora, I. and Sykora, T. and Ta, D. and Tackmann, K. and Taenzer, J. and Taffard, A. and Tafirout, R. and Tahirovic, E. and Taiblum, N. and Takai, H. and Takashima, R. and Takasugi, E. H. and Takeda, K. and Takeshita, T. and Takubo, Y. and Talby, M. and Talyshev, A. A. and Tanaka, J. and Tanaka, M. and Tanaka, R. and Tanioka, R. and Tannenwald, B. B. and Tapia Araya, S. and Tapprogge, S. and Tarek Abouelfadl Mohamed, A. T. and Tarem, S. and Tartarelli, G. F. and Tas, P. and Tasevsky, M. and Tashiro, T. and Tassi, E. and Tavares Delgado, A. and Tayalati, Y. and Taylor, A. C. and Taylor, A. J. and Taylor, G. N. and Taylor, P. T. E. and Taylor, W. and Teixeira-Dias, P. and Temple, D. and Ten Kate, H. and Teng, P. K. and Teoh, J. J. and Tepel, F. and Terada, S. and Terashi, K. and Terron, J. and Terzo, S. and Testa, M. and Teuscher, R. J. and Thais, S. J. and Theveneaux-Pelzer, T. and Thiele, F. and Thomas, J. P. and Thomas-Wilsker, J. and Thompson, P. D. and Thompson, A. S. and Thomsen, L. A. and Thomson, E. and Tian, Y. and Ticse Torres, R. E. and Tikhomirov, V. O. and Tikhonov, Yu. A. and Timoshenko, S. and Tipton, P. and Tisserant, S. and Todome, K. and Todorova-Nova, S. and Todt, S. and Tojo, J. and Tok\'ar, S. and Tokushuku, K. and Tolley, E. and Tomlinson, L. and Tomoto, M. and Tompkins, L. and Toms, K. and Tong, B. and Tornambe, P. and Torrence, E. and Torres, H. and Torr\'o Pastor, E. and Toth, J. and Touchard, F. and Tovey, D. R. and Treado, C. J. and Trefzger, T. and Tresoldi, F. and Tricoli, A. and Trigger, I. M. and Trincaz-Duvoid, S. and Tripiana, M. F. and Trischuk, W. and Trocm\'e, B. and Trofymov, A. and Troncon, C. and Trovatelli, M. and Truong, L. and Trzebinski, M. and Trzupek, A. and Tsang, K. W. and Tseng, J. C-L. and Tsiareshka, P. V. and Tsirintanis, N. and Tsiskaridze, S. and Tsiskaridze, V. and Tskhadadze, E. G. and Tsukerman, I. I. and Tsulaia, V. and Tsuno, S. and Tsybychev, D. and Tu, Y. and Tudorache, A. and Tudorache, V. and Tulbure, T. T. and Tuna, A. N. and Turchikhin, S. and Turgeman, D. and Turk Cakir, I. and Turra, R. and Tuts, P. M. and Ucchielli, G. and Ueda, I. and Ughetto, M. and Ukegawa, F. and Unal, G. and Undrus, A. and Unel, G. and Ungaro, F. C. and Unno, Y. and Uno, K. and Urban, J. and Urquijo, P. and Urrejola, P. and Usai, G. and Usui, J. and Vacavant, L. and Vacek, V. and Vachon, B. and Vadla, K. O. H. and Vaidya, A. and Valderanis, C. and Valdes Santurio, E. and Valente, M. and Valentinetti, S. and Valero, A. and Val\'ery, L. and Vallier, A. and Valls Ferrer, J. A. and Van Den Wollenberg, W. and van der Graaf, H. and van Gemmeren, P. and Van Nieuwkoop, J. and van Vulpen, I. and van Woerden, M. C. and Vanadia, M. and Vandelli, W. and Vaniachine, A. and Vankov, P. and Vardanyan, G. and Vari, R. and Varnes, E. W. and Varni, C. and Varol, T. and Varouchas, D. and Vartapetian, A. and Varvell, K. E. and Vasquez, J. G. and Vasquez, G. A. and Vazeille, F. and Vazquez Furelos, D. and Vazquez Schroeder, T. and Veatch, J. and Veeraraghavan, V. and Veloce, L. M. and Veloso, F. and Veneziano, S. and Ventura, A. and Venturi, M. and Venturi, N. and Vercesi, V. and Verducci, M. and Verkerke, W. and Vermeulen, A. T. and Vermeulen, J. C. and Vetterli, M. C. and Viaux Maira, N. and Viazlo, O. and Vichou, I. and Vickey, T. and Vickey Boeriu, O. E. and Viehhauser, G. H. A. and Viel, S. and Vigani, L. and Villa, M. and Villaplana Perez, M. and Vilucchi, E. and Vincter, M. G. and Vinogradov, V. B. and Vishwakarma, A. and Vittori, C. and Vivarelli, I. and Vlachos, S. and Vogel, M. and Vokac, P. and Volpi, G. and von Buddenbrock, S. E. and von der Schmitt, H. and von Toerne, E. and Vorobel, V. and Vorobev, K. and Vos, M. and Voss, R. and Vossebeld, J. H. and Vranjes, N. and Vranjes Milosavljevic, M. and Vrba, V. and Vreeswijk, M. and Vuillermet, R. and Vukotic, I. and Wagner, P. and Wagner, W. and Wagner-Kuhr, J. and Wahlberg, H. and Wahrmund, S. and Wakamiya, K. and Walder, J. and Walker, R. and Walkowiak, W. and Wallangen, V. and Wang, A. M. and Wang, C. and Wang, F. and Wang, H. and Wang, H. and Wang, J. and Wang, J. and Wang, Q. and Wang, R.-J. and Wang, R. and Wang, S. M. and Wang, T. and Wang, W. and Wang, W. and Wang, Z. and Wanotayaroj, C. and Warburton, A. and Ward, C. P. and Wardrope, D. R. and Washbrook, A. and Watkins, P. M. and Watson, A. T. and Watson, M. F. and Watts, G. and Watts, S. and Waugh, B. M. and Webb, A. F. and Webb, S. and Weber, M. S. and Weber, S. M. and Weber, S. A. and Webster, J. S. and Weidberg, A. R. and Weinert, B. and Weingarten, J. and Weirich, M. and Weiser, C. and Wells, P. S. and Wenaus, T. and Wengler, T. and Wenig, S. and Wermes, N. and Werner, M. D. and Werner, P. and Wessels, M. and Weston, T. D. and Whalen, K. and Whallon, N. L. and Wharton, A. M. and White, A. S. and White, A. and White, M. J. and White, R. and Whiteson, D. and Whitmore, B. W. and Wickens, F. J. and Wiedenmann, W. and Wielers, M. and Wiglesworth, C. and Wiik-Fuchs, L. A. M. and Wildauer, A. and Wilk, F. and Wilkens, H. G. and Williams, H. H. and Williams, S. and Willis, C. and Willocq, S. and Wilson, J. A. and Wingerter-Seez, I. and Winkels, E. and Winklmeier, F. and Winston, O. J. and Winter, B. T. and Wittgen, M. and Wobisch, M. and Wolf, A. and Wolf, T. M. H. and Wolff, R. and Wolter, M. W. and Wolters, H. and Wong, V. W. S. and Woods, N. L. and Worm, S. D. and Wosiek, B. K. and Wotschack, J. and Wozniak, K. W. and Wu, M. and Wu, S. L. and Wu, X. and Wu, Y. and Wyatt, T. R. and Wynne, B. M. and Xella, S. and Xi, Z. and Xia, L. and Xu, D. and Xu, L. and Xu, T. and Xu, W. and Yabsley, B. and Yacoob, S. and Yajima, K. and Yallup, D. P. and Yamaguchi, D. and Yamaguchi, Y. and Yamamoto, A. and Yamamoto, S. and Yamanaka, T. and Yamane, F. and Yamatani, M. and Yamazaki, T. and Yamazaki, Y. and Yan, Z. and Yang, H. and Yang, H. and Yang, S. and Yang, Y. and Yang, Z. and Yao, W-M. and Yap, Y. C. and Yasu, Y. and Yatsenko, E. and Yau Wong, K. H. and Ye, J. and Ye, S. and Yeletskikh, I. and Yigitbasi, E. and Yildirim, E. and Yorita, K. and Yoshihara, K. and Young, C. and Young, C. J. S. and Yu, J. and Yu, J. and Yuen, S. P. Y. and Yusuff, I. and Zabinski, B. and Zacharis, G. and Zaidan, R. and Zaitsev, A. M. and Zakharchuk, N. and Zalieckas, J. and Zaman, A. and Zambito, S. and Zanzi, D. and Zeitnitz, C. and Zemaityte, G. and Zeng, J. C. and Zeng, Q. and Zenin, O. and \ifmmode \check{Z}\else \v{Z}\fi{}eni\ifmmode \check{s}\else \v{s}\fi{}, T. and Zerwas, D. and Zhang, D. and Zhang, D. and Zhang, F. and Zhang, G. and Zhang, H. and Zhang, J. and Zhang, L. and Zhang, L. and Zhang, M. and Zhang, P. and Zhang, R. and Zhang, R. and Zhang, X. and Zhang, Y. and Zhang, Z. and Zhao, X. and Zhao, Y. and Zhao, Z. and Zhemchugov, A. and Zhou, B. and Zhou, C. and Zhou, L. and Zhou, M. and Zhou, M. and Zhou, N. and Zhou, Y. and Zhu, C. G. and Zhu, H. and Zhu, J. and Zhu, Y. and Zhuang, X. and Zhukov, K. and Zibell, A. and Zieminska, D. and Zimine, N. I. and Zimmermann, S. and Zinonos, Z. and Zinser, M. and Ziolkowski, M. and \ifmmode \check{Z}\else \v{Z}\fi{}ivkovi\ifmmode \acute{c}\else \'{c}\fi{}, L. and Zobernig, G. and Zoccoli, A. and Zou, R. and zur Nedden, M. and Zwalinski, L.},
  collaboration = {ATLAS Collaboration},
  journal = {Phys. Rev. D},
  volume = {98},
  issue = {5},
  pages = {052005},
  numpages = {87},
  year = {2018},
  month = {Sep},
  publisher = {American Physical Society},
  doi = {10.1103/PhysRevD.98.052005},
  url = {https://link.aps.org/doi/10.1103/PhysRevD.98.052005}
}

@misc{OpenData2020yy, 
title={ATLAS 13 TeV samples collection Gamma-Gamma, for 2020 Open Data release}, 
url={http://opendata.cern.ch/record/15006}, 
journal={CERN Open Data Portal}, 
publisher={CERN Open Data Portal}, 
author={Collaboration, ATLAS}, 
year={2020}
} 


@article{Aaboud_2019,
   title={Measurement of the photon identification efficiencies with the ATLAS detector using LHC Run 2 data collected in 2015 and 2016},
   volume={79},
   ISSN={1434-6052},
   url={http://dx.doi.org/10.1140/epjc/s10052-019-6650-6},
   DOI={10.1140/epjc/s10052-019-6650-6},
   number={3},
   journal={The European Physical Journal C},
   publisher={Springer Science and Business Media LLC},
   author={Aaboud, M. and Aad, G. and Abbott, B. and Abdinov, O. and Abeloos, B. and Abhayasinghe, D. K. and Abidi, S. H. and AbouZeid, O. S. and Abraham, N. L. and et al.},
   year={2019},
   month={Mar}
}
